@inproceedings{replicability,
 author = {Karbasi, Amin and Velegkas, Grigoris and Yang, Lin and Zhou, Felix},
 booktitle = {Advances in Neural Information Processing Systems},
 editor = {A. Oh and T. Neumann and A. Globerson and K. Saenko and M. Hardt and S. Levine},
 pages = {74702--74735},
 publisher = {Curran Associates, Inc.},
 title = {Replicability in Reinforcement Learning},
 url = {https://proceedings.neurips.cc/paper_files/paper/2023/file/ec4d2e436794d1bf55ca83f5ebb31887-Paper-Conference.pdf},
 volume = {36},
 year = {2023}
}

@misc{reproducibility_learning,
      title={Reproducibility in Learning}, 
      author={Russell Impagliazzo and Rex Lei and Toniann Pitassi and Jessica Sorrell},
      year={2023},
      eprint={2201.08430},
      archivePrefix={arXiv},
      primaryClass={cs.LG}
}
