@misc{proximal,
      title={Proximal Curriculum for Reinforcement Learning Agents},
      author={Georgios Tzannetos and BÃ¡rbara Gomes Ribeiro and Parameswaran K
amalaruban and Adish Singla},
      year={2023},
      eprint={2304.12877},
      archivePrefix={arXiv},
      primaryClass={cs.LG}
}
