@ARTICLE{paper,
  author={Bing, Zhenshan and Knak, Lukas and Cheng, Long and Morin, Fabrice O. and Huang, Kai and Knoll, Alois},
  journal={IEEE Transactions on Neural Networks and Learning Systems}, 
  title={Meta-Reinforcement Learning in Nonstationary and Nonparametric Environments}, 
  year={2023},
  volume={},
  number={},
  pages={1-15},
  keywords={Task analysis;Training;Adaptation models;Robots;Probabilistic logic;Turning;Switches;Gaussian variational autoencoder (VAE);meta-reinforcement learning (meta-RL);robotic control;task adaptation;task inference},
  doi={10.1109/TNNLS.2023.3270298}}
