@misc{proximal,
      title={Proximal Curriculum for Reinforcement Learning Agents}, 
      author={Georgios Tzannetos and BÃ¡rbara Gomes Ribeiro and Parameswaran Kamalaruban and Adish Singla},
      year={2023},
      eprint={2304.12877},
      archivePrefix={arXiv},
      primaryClass={cs.LG}
}

@book{zpd,
  author = {Vygotsky, L. S. and Cole, Michael},
  title = {Mind in society:  The development of higher psychologial processes},
  year = 1978
}
